@Book{Korn,
 author    = {Корн, Г. А. and Корн, Т. М.},
 title     = {Справочник по математике для научных работников и инженеров},
 publisher = {«Наука»},
 year      = 1974,
 address   = Москва,
 language = russian
}

@Book{Groot,
 author    = {М. Де Гроот},
 title     = {Оптимальные статистические решения},
 publisher = {«Мир»},
 year      = 1974,
 address   = Москва,
 language  = russian
}
